2174 3016
123 2670 597 2756 W*—

1090 342 1112 378 4

360 450 614 486 benevolentia
649 457 684 486 et
719 450 851 487 fiducia
884 451 1021 486 sactum
1050 456 1116 495 est,
1156 457 1197 486 ut
1227 452 1418 499 conchylia
1442 454 1509 489 ista
1535 455 1580 489 ad
1607 466 1667 489 me
1692 451 1836 500 potissi-

361 532 465 555 mum
498 520 740 563 mitterentur,
781 531 872 566 quae
905 518 1116 565 diligentius
1143 525 1349 554 excuterem
1379 532 1419 554 ac
1444 526 1686 566 perscrutarer
1713 525 1748 555 et
1775 530 1839 567 per

362 600 444 623 suas
471 600 633 635 quaeque
668 588 807 633 species
842 587 1113 631 distribuerem,
1150 592 1185 621 et
1211 592 1252 621 ut
1283 599 1373 634 quae
1406 587 1496 622 forte
1529 588 1773 623 desiderarem
1800 598 1841 621 ea

362 655 447 690 inde
473 655 568 690 mihi
595 666 803 701 comparare
829 654 966 698 liceret,
993 655 1126 701 quibus
1154 666 1325 689 museum
1353 667 1478 689 meum
1505 654 1741 701 complerem.

487 721 634 768 Species
661 735 680 756 a
698 722 933 757 celeberrimo
960 722 1113 756 Preiss
1139 727 1337 768 reportatas
1364 734 1504 766 omnes,
1531 723 1690 768 exceptis
1716 727 1840 757 tamen

364 791 503 826 Murice
530 790 798 837 acanssmptem,
827 789 963 825 Voluta
989 790 1157 825 volvacea
1184 795 1219 824 et
1241 789 1499 825 Terebratulae
1526 789 1646 836 specie
1673 789 1841 835 quadam,

365 870 454 905 quas
480 863 670 904 antequam
700 859 816 904 ipsam
844 857 1096 893 collectionem
1132 858 1356 904 inspiciendi
1383 857 1487 903 copia
1513 856 1606 891 mihi
1634 856 1725 891 facta
1750 860 1843 890 esset

365 925 493 972 anglus
519 925 776 960 celeberrimus
803 926 936 972 Hugh
964 925 1175 970 Cuming,
1202 926 1239 959 in
1267 924 1546 971 conchyliorum
1572 923 1635 958 ille
1662 923 1781 958 studio
1809 928 1844 958 et

364 994 638 1039 investigatione
659 994 936 1037 versatissimus,
964 993 1035 1027 sibi
1063 993 1288 1039 comparavit
1313 998 1347 1027 et
1373 992 1587 1039 deportavit,
1613 991 1693 1038 ipse
1713 990 1791 1025 vidi
1811 995 1846 1025 et

366 1061 582 1104 examinavi,
608 1072 805 1107 earumque
828 1066 1001 1096 testarum
1015 1081 1064 1085 -—
1079 1060 1176 1095 solae
1197 1061 1295 1095 enim
1317 1065 1427 1095 testae
1443 1065 1606 1106 prostant
1621 1059 1721 1093 —in
1748 1058 1847 1093 hisce

365 1128 516 1176 pagellis
537 1128 781 1174 cognitionem
808 1129 945 1175 publici
973 1129 1062 1163 iuris
1085 1128 1198 1163 facere
1221 1129 1365 1162 animus
1383 1133 1448 1163 est.
1490 1126 1553 1162 Ad
1578 1126 1788 1162 indicandas
1808 1127 1846 1162 in

366 1197 498 1230 iisdem
525 1196 662 1242 species
690 1197 773 1230 satis
800 1201 902 1230 notas
928 1195 964 1230 h.
980 1209 1010 1232 e.
1035 1197 1074 1230 in
1101 1196 1294 1230 clarissimi
1320 1195 1544 1231 Lamarck
1571 1206 1678 1242 opere
1700 1195 1847 1241 egregio

368 1263 554 1307 „Histoire
580 1263 755 1298 naturelle
782 1264 844 1298 des
871 1264 1042 1298 animaux
1063 1276 1145 1298 sans
1170 1262 1392 1309 vert‘ebres“,
1420 1263 1478 1298 vel
1504 1264 1543 1298 in
1570 1263 1736 1298 eiusdem
1762 1262 1849 1296 libri

369 1331 528 1366 editione
562 1343 581 1365 a
615 1331 816 1366 clarissimo
850 1332 1084 1377 Deshayes
1127 1337 1230 1366 aucta
1270 1332 1464 1378 expositas,
1510 1330 1665 1366 sufficiat
1705 1330 1849 1365 nomini

369 1396 537 1444 specifico
565 1404 750 1433 auctorem
772 1399 977 1441 addidisse;
1005 1399 1128 1433 minus
1148 1399 1243 1433 notis
1265 1399 1379 1433 iconis
1398 1399 1586 1442 indicium,
1614 1399 1731 1442 novis,
1758 1410 1849 1445 quae

369 1477 442 1500 uon
469 1477 604 1511 paucae
630 1471 726 1509 sunt,
761 1467 951 1511 diagnoses
977 1467 1172 1500 concinnas
1206 1466 1412 1512 iisdemque
1447 1477 1662 1501 mensuram
1695 1466 1739 1500 ad
1766 1477 1849 1500 uor-

369 1545 469 1567 mam
504 1533 701 1579 parisiuam
733 1533 925 1577 subiunxi,
965 1533 1136 1579 plurimis
1174 1534 1344 1568 stationes
1380 1538 1415 1568 et
1448 1533 1559 1577 locos,
1599 1534 1637 1568 in
1671 1533 1805 1579 quibus
1832 1545 1851 1566 a

370 1599 609 1635 celeberrimo
636 1601 907 1646 peregrinatore
935 1606 1094 1646 repertae
1123 1606 1218 1644 sunt,
1247 1601 1371 1636 adieci.

497 1667 642 1702 Praeter
679 1667 869 1713 conchylia
901 1668 937 1702 in
972 1667 1042 1702 hoc
1079 1668 1277 1714 specimine
1310 1672 1522 1702 enumerata
1548 1667 1676 1701 mollia
1702 1679 1849 1714 quoque

372 1734 546 1769 nonnulla
581 1734 842 1781 cephalopoda,
890 1748 910 1768 e
945 1735 1376 1781 cryptodibrancliiorum
1415 1735 1553 1777 ordine,
1599 1734 1850 1781 peregrinator

371 1807 493 1836 noster
524 1801 796 1836 laudatissimus
823 1815 865 1837 ex
898 1802 1027 1837 itinere
1060 1802 1201 1846 retulit,
1240 1802 1328 1836 haec
1355 1814 1439 1836 vero
1467 1801 1599 1836 horum
1633 1800 1849 1835 animalium

371 1870 596 1915 peritissimo
623 1868 825 1915 indagatori
853 1869 1054 1904 clarissimo
1082 1870 1119 1903 in
1146 1869 1330 1903 academia
1361 1868 1624 1915 petropolitana
1650 1868 1848 1915 professori

373 1937 405 1971 J.
435 1936 477 1972 F.
506 1936 692 1980 Brandt,
730 1938 939 1972 transmissa
965 1942 1060 1980 sunt,
1095 1948 1205 1983 quare
1232 1948 1346 1983 quum
1372 1936 1450 1982 ipse
1476 1947 1549 1970 nou
1578 1935 1733 1970 viderim
1761 1947 1847 1970 enu-

371 2016 510 2038 merare
543 2005 703 2051 nequivi.

495 2070 612 2117 Spero
639 2071 714 2106 fore
734 2077 774 2106 ut
794 2071 860 2106 hae
886 2071 1047 2118 pagellae
1067 2072 1233 2119 quamvis
1258 2083 1387 2117 parvae
1405 2076 1440 2105 et
1465 2071 1625 2116 exiguae,
1653 2070 1690 2104 in
1713 2070 1847 2116 quibus

372 2140 640 2174 conscribendis
676 2144 822 2185 tempus
856 2140 966 2173 nimis
1001 2140 1189 2174 concisum
1228 2139 1389 2184 urgebat,
1428 2143 1549 2172 tamen
1591 2149 1663 2171 non
1698 2136 1847 2171 inutiles

372 2217 520 2252 prorsus
546 2206 747 2241 habeantur
772 2218 889 2253 neque
914 2207 1079 2253 ingratae
1105 2207 1177 2241 sint
1204 2206 1337 2240 horum
1365 2205 1570 2240 studiorum
1597 2204 1810 2238 fautoribus.

495 2273 708 2319 Pyrmonti3
756 2274 882 2320 scripsi
919 2274 957 2308 in
999 2286 1140 2317 museo,
1181 2273 1214 2308 d.
1250 2272 1336 2308 XV.
1370 2273 1507 2307 mensis
1540 2271 1725 2315 februarii,
1764 2271 1850 2305 anni

372 2339 689 2377 MDCCCXLIII.
