2174 3016
1012 351 1056 386 ll

556 454 613 490 32.
655 454 797 491 Natica
823 456 961 502 conica,
992 458 1096 493 Lam.

373 538 536 568 Delessert
557 538 687 568 Recueil
710 538 746 568 de
769 539 844 579 Coq.
869 541 912 579 pl.
934 541 982 572 32.
1009 541 1061 580 fig.
1082 544 1110 573 9.

372 591 452 627 Hah.
475 599 508 626 in
531 597 639 627 eodem
662 598 768 628 litore.

374 655 567 696 Operculum
590 658 619 687 ei
643 662 689 687 est
718 667 848 688 corneae
871 659 1074 699 substantiae,
1103 660 1290 700 spadiceum.

550 756 609 794 33.
649 758 786 795 Ner-ica
815 759 965 804 Listeri‚
993 761 1065 796 Psr.

369 840 478 870 Lister
499 840 582 871 Hist.
609 841 726 872 Conch.
751 843 811 873 tab.
835 845 904 875 604.
927 844 978 882 fig.
1000 846 1050 875 26.
1073 846 1123 877 27.

372 899 450 930 Hah.
474 900 506 929 in
530 910 584 930 ora
607 901 764 933 orientali.
810 902 1064 933 Communicavit
1085 904 1124 933 cl.
1147 903 1317 934 Lehmann.

548 1002 606 1039 34.
646 1002 784 1039 Nerita
810 1010 966 1048 costam,
993 1003 1150 1041 Chemn.

366 1085 444 1115 Hah.
466 1086 503 1115 ad
527 1086 604 1116 litus
627 1087 1097 1126 septentrionali-occidentale.

547 1186 606 1223 35.
647 1187 784 1223 Nerita
811 1195 951 1243 atrata,
977 1188 1132 1224 Chemn.

367 1269 444 1301 Hal).
468 1269 505 1298 ad
527 1268 605 1299 litus
632 1270 833 1300 occidentale.

544 1370 603 1407 36.
642 1371 778 1407 Nerita
805 1371 956 1417 lineata,
988 1372 1142 1408 Chemn.

364 1453 442 1483 Hah.
463 1453 501 1483 ad
523 1454 599 1484 litus
622 1456 1098 1494 septentrionali-occidentale.

362 1513 457 1543 Testa
487 1514 834 1553 ovato-semiglohosa,
863 1516 970 1553 porcis
1002 1515 1195 1545 transversis
1225 1515 1329 1547 densis
1352 1517 1512 1557 tenuibus,
1543 1519 1578 1548 in
1610 1519 1754 1550 anfractu

281 1572 395 1601 ultimo
424 1573 556 1602 alternis
584 1573 760 1603 minoribus
789 1574 901 1612 cincta,
931 1578 1174 1613 atropurpurea3
1213 1575 1296 1605 labri
1324 1586 1431 1616 margo
1460 1578 1597 1608 interior
1627 1578 1754 1618 duplex,

281 1632 371 1661 cuius
394 1632 552 1670 posterior
574 1631 807 1671 integerrimus,
832 1634 974 1663 anterior
995 1633 1314 1673 de11tat0-crenat1153
1344 1636 1463 1666 labium
1486 1637 1650 1677 flavidum,
1672 1648 1753 1668 mar-

282 1691 356 1729 gine
387 1690 490 1720 medio
519 1690 664 1721 dentibus
697 1691 801 1721 tribus
834 1693 933 1722 acutis
961 1693 1178 1732 inaequalibus
1207 1699 1368 1725 armatum.
1419 1695 1519 1734 Long.
1545 1699 1592 1734 14,
1623 1697 1676 1726 lat.
1704 1699 1752 1735 ll,

279 1749 331 1780 alt.
355 1752 374 1781 9
393 1750 448 1780 lin.
465 1768 503 1772 —
526 1750 638 1780 Iunior
659 1754 749 1789 testa,
772 1751 847 1781 huic
866 1752 1092 1790 quodammodo
1116 1753 1282 1794 absimilis,
1305 1755 1619 1793 latescente-albida,
1643 1756 1751 1795 porcis

278 1810 526 1848 atroporpureis,
559 1809 767 1839 saseiculatim
790 1812 935 1841 collectis
959 1813 1100 1842 obsoleto
1123 1814 1244 1843 trizona
1267 1819 1409 1853 apparet3
1446 1815 1514 1845 eius
1538 1815 1619 1845 labri
1642 1815 1749 1845 tenuis

277 1869 361 1898 acuti
383 1878 489 1907 margo
513 1869 656 1899 internus
678 1870 909 1909 integerrimus,
933 1872 1010 1902 labii
1033 1872 1141 1903 dentes
1163 1872 1306 1903 obsoleti.

537 1969 596 2006 37.
637 1970 773 2006 Νενέια
799 1971 979 2017 albicilla,
1014 1973 1056 2010 L.

357 2053 435 2083 Hah.
462 2053 494 2083 in
524 2054 620 2083 litore
648 2055 846 2086 occidentali.

535 2149 592 2186 38.
632 2150 768 2187 Nerita
793 2152 955 2198 signata,
982 2153 1084 2187 Macl.

354 2232 515 2263 Delessert
536 2233 667 2264 Recueil
690 2234 728 2265 de
751 2235 827 2275 Coq.
848 2237 893 2275 pl.
914 2237 964 2269 32.
993 2237 1046 2275 fig.
1069 2237 1098 2268 7.

355 2292 434 2322 Hah.
456 2293 489 2322 in
512 2293 618 2323 eodem
641 2294 746 2325 litore.

531 2393 591 2430 39.
630 2394 805 2432 Iantlzz‘na
830 2397 1032 2442 communis,
1060 2397 1162 2433 Lam.

351 2476 430 2507 Hab.
451 2478 484 2508 in
508 2477 602 2509 litore
624 2480 825 2520 occidentali,
847 2481 933 2511 inter
955 2481 1146 2512 Freemantle
1168 2486 1199 2512 et
1219 2481 1515 2522 Woodmanspoint.
