2174 3016
90 100 482 186 {42st
496 83 2080 171 -ffi—*fflss

1063 345 1112 381 22

603 455 662 492 97.
705 455 875 502 Purpura
903 453 1064 498 scohina,
1092 454 1200 501 Quoy
1227 459 1263 488 et
1290 452 1411 488 Gaim.

423 542 517 572 Lecta
539 544 588 570 est
608 540 749 570 varietas
774 539 805 568 in
828 536 866 568 cl.
889 538 1005 567 liiener
1027 537 1174 576 Iconogr.
1198 536 1227 566 d.
1244 535 1321 575 Coq.
1338 535 1409 567 viv.
1430 544 1517 575 gent.
1543 534 1692 575 Pourpre
1714 534 1758 574 pl.
1777 535 1826 567 35.

342 602 392 641 fig.
418 603 469 638 83,
482 610 509 638 a,
533 602 775 639 repraesentata,
799 601 884 627 statu
905 597 1116 627 adolescente.

425 660 504 690 nab.
529 659 562 689 in
584 657 681 688 litore
705 656 903 688 occidentali.

605 757 666 796 98.
708 758 881 808 Purpura
909 756 1096 800 textilosa,
1125 755 1226 791 Lam.

425 845 520 875 Lecta
543 847 609 873 est:

447 914 476 935 a.
509 907 588 933 testa
611 901 736 931 inermi.

449 962 477 993 b.
506 966 584 992 tesia
608 961 727 1000 duplici
751 959 907 989 nodorum
931 958 1014 988 serie
1037 958 1148 987 cincta.

446 1031 472 1052 c.
503 1026 583 1051 testa
608 1019 728 1059 triplici
752 1018 904 1048 nodorum
928 1019 1009 1047 serie
1033 1017 1144 1046 cincta.

425 1081 502 1111 Hah.
527 1081 560 1110 in
584 1080 680 1109 litore
704 1077 904 1108 occidentali.

605 1181 666 1217 99.
704 1180 880 1230 Purpura
907 1189 1109 1224 squamosa,
1146 1177 1250 1213 Lam.

425 1267 502 1297 nab.
526 1266 559 1295 in
581 1265 676 1294 litore
700 1263 901 1293 occidentali.

607 1357 688 1393 100.
716 1356 890 1406 Purpura
918 1352 1096 1397 troclllea,
1123 1353 1228 1390 Lam·

427 1444 521 1474 Lecta
545 1446 591 1472 est
612 1441 752 1471 varietas
777 1438 914 1478 cingulis
937 1443 1072 1478 quatuor
1099 1437 1329 1477 circumligata.

426 1503 503 1533 nab.
530 1502 563 1531 in
587 1502 683 1530 litore
706 1498 905 1530 occidentali.

610 1602 691 1637 101.
736 1597 978 1638 Cancellaria
1005 1599 1167 1649 spirata,
1195 1599 1299 1633 Lam.

427 1687 583 1726 Sowerby
607 1685 725 1715 Conch.
748 1684 870 1713 Illustr.
892 1693 960 1722 gen.
987 1682 1160 1714 Cancellar.
1185 1683 1236 1722 fig.
1258 1684 1311 1715 25.

428 1747 544 1777 Kiener
566 1745 710 1783 Iconogr.
734 1743 763 1772 d.
788 1743 865 1782 Coq.
888 1743 958 1773 viv.
982 1752 1069 1782 genr.
1094 1742 1232 1772 Cancell.
1254 1752 1284 1781 p.
1305 1742 1356 1774 38.
1388 1741 1431 1781 pl.
1454 1745 1483 1773 4.
1505 1741 1556 1781 fig.
1578 1743 1606 1774 3.

430 1806 508 1837 Hab.
532 1805 565 1834 in
587 1805 684 1834 litore
708 1802 906 1833 occidentali.

613 1908 693 1944 102.
733 1905 882 1944 Dolium
906 1906 1150 1953 variegatam,
1176 1905 1281 1941 Lam.

430 1995 545 2024 Kiener
566 1993 710 2030 Iconogr.
736 1992 763 2021 d.
789 1991 868 2029 Coq.
891 1991 962 2021 viv.
986 1999 1072 2029 gent.
1095 1990 1216 2021 Tonne.
1241 1989 1284 2032 pL
1308 1991 1337 2022 2.
1363 1990 1414 2029 fig.
1435 1992 1455 2023 3
1477 1993 1509 2019 et
1529 1991 1559 2027 3,
1573 2000 1599 2019 a.

430 2053 506 2083 nab.
533 2053 564 2082 in
588 2052 682 2081 litore
706 2048 909 2086 occidentali3
940 2058 1056 2079 rarum.

431 2111 628 2150 Exemplaria
652 2110 809 2149 perampla
834 2109 1012 2147 reportavit
1034 2112 1152 2138 noster.

614 2210 695 2246 103.
739 2208 882 2245 Delium
909 2220 1064 2255 pomum,
1092 2209 1195 2245 Lam.

432 2295 511 2325 Hab.
533 2295 565 2325 in
589 2295 686 2324 litore
709 2293 916 2329 occitlenlali3
952 2301 1068 2322 rarum.

619 2395 698 2430 104.
737 2393 874 2441 Harpa
901 2393 1122 2436 ventricosa,
1149 2392 1252 2428 Lam.

433 2479 511 2511 Hah.
536 2480 568 2509 in
591 2479 687 2508 litore
712 2475 1190 2517 septentrionali-occidentalh
