2174 3016
431 778 563 829 Recte
590 792 739 827 omnino
766 792 885 828 Tuae
911 792 1120 835 industriae,
1155 794 1224 827 vir
1249 794 1546 837 amicissime,
1573 795 1807 831 adscribenda

334 864 388 894 est
414 872 486 894 non
513 860 641 905 exigua
667 859 832 894 utilitatis
858 872 952 906 pars,
994 873 1103 907 quam
1130 873 1174 895 ex
1208 862 1494 907 peregrinatione
1528 862 1597 896 viri
1624 869 1807 909 praestan-

334 927 468 962 tissimi
502 928 681 973 nobisque
713 927 890 962 carissimi
933 927 1119 962 Joannis
1157 929 1350 973 Augusti
1384 928 1605 964 Ludovici
1638 930 1806 974 Preiss,

332 994 589 1040 philosophiae
622 994 790 1037 doctoris,
832 995 935 1028 annis
968 993 1348 1030 MDCCCXXXVIII
1381 997 1424 1030 ad
1456 994 1741 1032 MDCCCXLII
1768 998 1805 1031 in

331 1061 526 1104 Australia‚
552 1061 746 1107 praecipue
772 1061 809 1094 in
826 1061 924 1095 Nova
949 1061 1144 1096 Hollandia
1171 1063 1383 1097 occidentali
1411 1063 1614 1110 insulisque
1639 1065 1807 1109 proxime

331 1128 577 1162 adiacentibus
611 1128 776 1162 instituta
811 1133 845 1162 et
879 1140 996 1174 nuper
1028 1128 1204 1171 absoluta,
1245 1141 1367 1164 rerum
1403 1130 1622 1164 naturalium
1659 1132 1807 1165 scientia

331 1195 436 1240 cepit.
489 1195 555 1229 Tu
583 1196 683 1229 enim
710 1194 800 1229 olim
833 1195 1003 1229 iuvenem
1039 1195 1323 1230 solertissimum
1357 1209 1552 1243 rerumque
1585 1197 1805 1232 naturalium

331 1262 452 1296 studio
489 1267 525 1296 et
560 1262 687 1296 ardore
713 1262 899 1295 imbutum
934 1274 1006 1295 non
1034 1262 1154 1296 solum
1181 1263 1226 1296 ad
1252 1263 1502 1309 incipiendum
1536 1264 1627 1298 illud
1654 1265 1721 1298 iter
1748 1277 1805 1298 ex-

331 1329 459 1372 citasti,
498 1329 561 1362 sed
588 1328 741 1362 consilio
769 1329 863 1362 Tuo
897 1329 945 1363 ita
978 1327 1131 1374 provide
1163 1330 1378 1374 instruxisti,
1421 1337 1460 1365 ut
1494 1344 1564 1365 non
1598 1331 1804 1377 plantarum

330 1401 483 1439 tantum,
524 1396 562 1429 in
607 1407 762 1442 quarum
802 1396 1136 1440 investigandarum
1175 1408 1214 1430 ac
1257 1399 1598 1443 perscrutandarum
1640 1400 1804 1433 studium

329 1463 514 1509 imprimis
541 1468 624 1497 ante
649 1463 876 1505 incubuerat,
904 1463 968 1496 sed
995 1463 1218 1508 reliquarum
1246 1476 1389 1510 quoque
1422 1465 1641 1499 naturalium
1670 1478 1804 1507 rerum,

329 1530 544 1564 animalium
572 1529 709 1564 scilicet
734 1535 769 1563 et
795 1530 987 1573 sossilium,
1014 1530 1100 1564 felix
1126 1531 1312 1575 indagator
1338 1532 1450 1566 factus
1477 1533 1534 1568 sit.
1577 1531 1673 1566 Hinc
1700 1533 1803 1567 Tibi

329 1598 521 1632 tribuenda
548 1609 630 1643 pars
658 1598 824 1642 prosperi
852 1597 950 1631 illius
978 1598 1276 1642 peregrinatiOnis
1303 1604 1461 1633 eventus.
1515 1600 1579 1634 Tu
1606 1601 1704 1633 enim
1732 1601 1802 1645 ipsi

329 1677 402 1698 non
429 1670 510 1698 ante
538 1669 689 1707 tantum,
717 1665 778 1698 sed
807 1665 916 1698 etiam
943 1665 980 1698 in
1008 1665 1138 1699 itinere
1163 1666 1317 1699 versanti
1345 1671 1379 1700 et
1411 1667 1533 1700 reduci
1561 1679 1705 1713 quoque
1733 1668 1803 1700 sin-

329 1743 431 1766 cerus
458 1743 602 1777 semper
628 1731 727 1765 fuisti
755 1736 789 1764 et
816 1732 1021 1765 remansisti
1054 1732 1173 1766 fautor
1199 1738 1233 1766 et
1259 1734 1406 1766 amicus.

451 1799 516 1833 Tu
553 1799 645 1832 meis
687 1810 830 1844 quoque
874 1798 977 1841 olim,
1021 1799 1094 1832 iam
1131 1811 1226 1833 anno
1264 1800 1397 1834 abhinc
1440 1801 1512 1834 sere
1546 1802 1729 1835 tricesimo
1768 1807 1802 1836 et

328 1866 470 1909 deinde,
510 1877 624 1912 quum
657 1865 775 1900 adhuc
807 1866 990 1899 botanices
1023 1867 1143 1900 studio
1182 1866 1370 1912 indulgere
1402 1869 1518 1902 otium
1555 1874 1589 1903 et
1622 1869 1672 1902 fas
1706 1869 1800 1902 mihi

327 1938 432 1976 esset,
477 1934 572 1967 votis
606 1938 641 1967 et
679 1932 1004 1966 consultationibus
1038 1933 1304 1967 humanissime
1337 1947 1481 1981 semper
1514 1937 1732 1981 respondisti
1766 1941 1801 1970 et

327 2000 364 2034 in
392 2000 491 2034 hunc
516 2012 631 2046 usque
658 2000 757 2034 diem
784 2000 914 2033 studiis
940 2001 1032 2034 meis
1059 2000 1238 2044 literariis,
1266 2014 1485 2048 quamquam
1514 2004 1680 2047 diversis,
1709 2016 1799 2038 nun-

327 2079 436 2113 quam
470 2067 626 2101 defuisti.
689 2067 770 2105 Quo
803 2067 895 2100 circa
935 2079 1031 2101 nunc
1066 2079 1135 2113 ego
1171 2068 1419 2103 felicissimam
1453 2071 1689 2113 occasionem,
1729 2083 1799 2117 qua

325 2135 434 2170 Tibi
467 2134 564 2168 hunc
596 2135 694 2168 diem
722 2134 920 2167 iuhilaeum
949 2134 1117 2179 gratulari
1144 2140 1250 2181 atque
1285 2141 1322 2169 ut
1349 2148 1413 2181 per
1444 2137 1589 2182 longam
1618 2150 1797 2171 annorum

326 2202 457 2235 seriem
484 2200 598 2234 laetus
625 2201 730 2236 Tibi
762 2201 884 2234 redeat
911 2214 994 2235 cum
1022 2202 1133 2236 Tuis
1170 2203 1342 2237 omnibus
1377 2205 1622 2248 prosperrima
1654 2217 1798 2250 semper

326 2268 536 2304 valetudine
562 2274 668 2313 atque
694 2267 838 2302 fortuna
867 2269 993 2311 utenti,
1035 2269 1155 2302 Deum
1189 2270 1370 2315 optimum
1404 2272 1608 2305 maximum
1644 2273 1798 2317 precari,

325 2340 360 2369 et
386 2335 424 2369 in
450 2334 642 2380 publicum
677 2335 856 2368 amicitiae
887 2347 969 2379 erga
996 2335 1055 2369 Te
1090 2335 1342 2369 testimonium
1369 2337 1635 2372 molluscorum
1663 2351 1682 2373 a
1709 2339 1799 2373 cele-

324 2402 484 2435 berrimo
512 2401 663 2434 Preiss
690 2402 727 2435 in
756 2401 819 2435 illo
839 2402 966 2435 itinere
984 2401 1218 2436 collectorum
1247 2404 1429 2449 specimen
1459 2405 1565 2439 Tibi
1592 2417 1798 2440 consecrare

324 2468 419 2512 licet,
458 2468 615 2503 libenter
646 2469 796 2514 accipio,
836 2473 870 2503 et
903 2481 945 2503 eo
979 2468 1152 2503 libentius
1185 2470 1332 2516 quidem
1374 2472 1470 2517 quod
1505 2472 1598 2506 Tua
1632 2485 1711 2518 erga
1739 2486 1798 2507 me
