2174 3016
1013 355 1057 390 13

378 454 455 485 Hah.
477 465 546 485 cum
569 457 833 495 praecedentibus.

378 513 460 544 Haec
487 514 570 545 forte
598 526 660 546 non
693 518 757 547 nisi
787 519 926 549 varietas
959 519 1142 551 abbreviata
1172 525 1227 551 aut
1255 521 1438 553 deformitas
1471 523 1615 562 proxime
1646 532 1769 563 praece-

295 571 401 603 dentis
425 574 549 612 speciei.

555 694 613 731 46.
659 694 778 731 Turbo
805 695 970 743 pulcher,
997 699 1123 736 Reeve.

374 775 479 806 Reeve
501 777 651 808 Conchol.
677 784 755 818 syst.
778 780 852 812 Vol.
876 782 904 811 2.
928 781 971 820 pl.
995 784 1065 814 219.
1094 783 1146 822 fig.
1169 785 1199 816 3.

375 835 484 866 Turbo
508 837 734 878 intercostalis,
758 849 797 869 m.
821 840 910 879 olim,
934 840 967 870 in
990 842 1038 872 lit.

375 893 453 924 Hah.
477 895 513 925 ad
536 897 614 926 litus
639 898 842 930 occidentale.

554 1015 614 1051 47.
660 1015 779 1053 Turbo
807 1024 1008 1065 torquatus,
1041 1019 1127 1056 Gm.

374 1099 453 1130 Hah.
477 1101 510 1130 in
533 1102 629 1131 litore
652 1103 1080 1135 meridionali-occidentali.

375 1158 568 1198 operculum
591 1162 764 1192 calcal-eum
787 1163 926 1193 solidum
948 1165 1148 1202 muricatum,
1173 1165 1274 1196 canali
1295 1166 1408 1205 spirali
1429 1171 1597 1197 exaratum.

553 1279 611 1317 48.
659 1280 778 1317 Turbo
810 1281 1017 1328 Lehmanni,
1050 1297 1102 1319 m.

374 1371 412 1401 T.
443 1375 522 1401 testa
555 1372 909 1414 orbiculato-convexa,
950 1376 1079 1415 oblique
1115 1377 1278 1417 conoidca,
1314 1378 1510 1418 umbilicata,
1546 1380 1644 1419 tenui,
1677 1380 1765 1419 apice

292 1431 526 1470 margaritacea,
548 1431 616 1461 basi
639 1434 771 1463 maculis
793 1435 947 1464 coccineis
972 1437 1133 1466 tessellata
1156 1438 1277 1476 striata,
1303 1438 1449 1477 superius
1471 1439 1583 1476 lirata3
1616 1438 1765 1469 anfracti-

292 1489 349 1519 bus
372 1490 528 1529 quinque:
554 1492 667 1521 ultimo
683 1492 870 1532 bicarinato,
893 1495 997 1533 spirae
1013 1496 1230 1535 unicarinatis,
1254 1498 1398 1536 superius
1416 1499 1547 1528 maculis
1564 1498 1763 1529 radiantibus

291 1549 405 1587 nigris,
429 1550 579 1579 aurantiis
603 1555 633 1580 et
655 1552 735 1581 albis
759 1553 1000 1594 alternantibus,
1027 1555 1107 1585 infra
1132 1556 1269 1586 carinam
1292 1557 1487 1601 superiorem
1509 1558 1637 1587 lineolis
1660 1562 1762 1588 trans-

291 1608 394 1637 versis
418 1609 615 1648 interruptis,
639 1610 675 1639 ad
698 1611 835 1641 carinam
859 1613 992 1643 inseram
1016 1613 1110 1644 fascia
1134 1616 1286 1646 maculari
1307 1626 1343 1646 ex
1366 1616 1478 1646 iisdem
1500 1616 1661 1647 coloribus
1683 1617 1759 1647 arti-

290 1668 390 1697 culata
414 1667 536 1698 cinctis.
579 1669 678 1707 Long.
700 1673 730 1708 3,
753 1674 783 1708 5,
807 1670 860 1700 lat.
883 1674 912 1709 3,
936 1673 989 1702 alt.
1013 1674 1043 1711 2,
1066 1674 1085 1704 5
1108 1675 1165 1706 lin.

371 1726 449 1756 Hah.
472 1727 503 1756 in
528 1728 623 1757 litore
646 1739 742 1767 prope
766 1734 892 1768 portum
915 1730 1117 1763 Lechenault.

371 1785 559 1825 Operculum
590 1787 664 1817 huic
693 1789 873 1819 immersum
902 1794 994 1820 tenue
1024 1801 1181 1822 corneum.
1202 1809 1242 1813 —
1291 1793 1418 1832 Species
1450 1792 1618 1833 pulchella,
1654 1794 1762 1823 multi-

290 1844 388 1883 color,
412 1846 616 1885 Margaritae,
641 1847 758 1887 Leach,
782 1850 889 1887 generi
912 1851 1110 1882 accensenda.

549 1964 608 2002 49.
649 1966 877 2003 Monodonta
904 1969 1116 2014 constricta,
1143 1970 1248 2007 Lam.

366 2057 412 2089 M.
436 2061 515 2088 testa
538 2059 908 2100 orbiculato-conoidea,
932 2062 1145 2101 imperforata,
1169 2063 1280 2100 solida,
1309 2064 1442 2103 cinerea,
1473 2065 1544 2095 liris
1567 2066 1760 2096 transversis

285 2125 340 2145 sex
372 2116 411 2145 ad
439 2127 555 2146 novem
582 2119 882 2157 nigro-articulatis
912 2122 1031 2158 cincta3
1065 2122 1153 2152 labro
1176 2128 1266 2153 acuto
1290 2124 1436 2164 repando,
1466 2125 1552 2155 intus
1582 2126 1759 2165 interrupte

285 2175 377 2213 nigro
415 2174 558 2215 limbato,
597 2177 732 2207 interius
771 2179 946 2211 incrassato
982 2185 1013 2210 et
1050 2182 1164 2219 lirato3
1208 2183 1378 2214 columella
1413 2184 1481 2214 basi
1520 2184 1756 2224 protuberante.

285 2233 384 2273 Long.
409 2236 458 2272 10,
481 2235 536 2264 lat.
558 2237 588 2272 S,
611 2237 664 2267 alt.
689 2240 707 2269 6
731 2238 787 2268 lin.

364 2293 529 2323 Delessert
551 2294 681 2325 Recueil
704 2297 740 2326 (le
763 2298 838 2337 Coq.
860 2300 903 2338 pl.
925 2302 973 2332 36.
998 2301 1049 2338 fig.
1074 2303 1121 2332 11.

363 2352 557 2383 Monodonta
581 2354 768 2395 interrupta,
791 2367 833 2387 m.
858 2358 947 2397 olim,
971 2359 1003 2388 in
1027 2360 1077 2389 lit.

364 2411 443 2441 Hah.
467 2412 498 2441 in
523 2413 618 2443 litore
641 2415 838 2445 occidentali.

362 2470 483 2501 Affinis
506 2472 643 2503 Turbini
665 2478 779 2513 atrato,
806 2475 908 2506 Gmel.
932 2486 980 2506 nr.
1004 2478 1054 2517 53,
1076 2477 1132 2508 sed
1153 2478 1206 2509 hic
1228 2478 1405 2518 perforatus
1427 2484 1484 2509 est.
