2174 3016
1064 460 1112 497 28

613 565 693 602 140.
737 565 851 603 Oliva
879 566 1041 615 elegans,
1068 568 1172 604 Lam.

432 648 509 679 Hah.
531 649 565 679 in
587 650 684 680 litore
707 652 1179 690 septentrionali-occidentali.

160 769 162 792 ς
619 752 696 787 141.
740 751 853 789 Oliva
881 753 1116 801 episcopalis,
1144 754 1248 789 Lam.

432 833 510 866 Hah.
536 835 568 865 in
591 835 700 866 eodem
724 837 830 866 litore.

619 937 697 973 142.
741 936 854 974 Oliva
880 937 1066 982 venulam,
1095 938 1198 974 Lam.

435 1018 512 1050 Hab.
536 1020 572 1050 ad
594 1021 672 1050 litus
701 1021 905 1051 occidentale.

621 1131 698 1168 143.
742 1131 853 1168 Oliva
879 1134 1039 1182 scripta,
1066 1133 1172 1167 Lam.

435 1214 513 1244 Hah.
537 1214 573 1245 ad
597 1215 676 1246 litus
699 1217 1176 1256 septentrionali-0ccidentale,

619 1326 698 1362 144.
743 1326 855 1363 Oliva
880 1326 1062 1375 lugubris,
1092 1328 1194 1363 Lam.

437 1408 515 1438 Hah.
541 1409 573 1438 in
597 1409 704 1439 eodem
727 1411 834 1440 litore.

624 1518 702 1556 145.
747 1520 859 1558 Oliva
885 1521 1060 1565 bicincca,
1091 1523 1192 1557 Lam.

438 1603 516 1633 Hab.
542 1605 574 1633 in
598 1605 706 1635 codem
731 1606 835 1635 litore.

624 1715 700 1751 146.
741 1715 977 1763 ,Marginella
1003 1715 1173 1760 lituram,
1201 1729 1251 1753 m.

440 1798 483 1827 M.
508 1802 587 1828 testa
611 1800 883 1839 ovato-oblonga,
914 1801 1099 1831 luteo-cana
1122 1812 1147 1831 s.
1172 1801 1370 1839 ochroleuca,
1403 1800 1532 1830 lineolis
1554 1799 1839 1839 longitudinalibus

357 1857 560 1895 angularibus
590 1858 776 1897 interruptis
805 1861 962 1898 punctalis
992 1860 1091 1890 fuscis
1122 1860 1268 1899 superius
1290 1860 1389 1898 magis
1413 1860 1592 1899 conspicuis
1614 1860 1716 1899 picta3
1753 1860 1838 1899 spira

356 1915 453 1946 breve
475 1917 602 1954 conica;
627 1918 707 1947 labri
730 1918 871 1957 margine
895 1924 1024 1949 externo
1048 1923 1208 1958 punctato,
1242 1919 1367 1948 interno
1396 1923 1540 1955 crenato3
1571 1920 1740 1949 columella
1763 1929 1839 1958 qua-

358 1974 534 2014 driplicata.
580 1976 679 2015 Long.
703 1979 733 2015 9,
758 1977 812 2006 lat.
837 1979 856 2009 5
879 1978 934 2008 lin.

439 2034 516 2065 Hah.
541 2035 578 2065 ad
602 2036 680 2065 litus
707 2036 907 2067 occidentale.

440 2093 558 2123 Affinis
581 2095 787 2133 Margiuellae
811 2095 968 2135 limlmtae,
992 2096 1090 2134 Lam„
1113 2105 1191 2136 quae
1213 2096 1312 2134 magis
1337 2100 1429 2126 ovata
1452 2100 1484 2126 et
1505 2095 1602 2126 lineis
1624 2095 1839 2126 distinctiori-

357 2152 414 2182 bus
442 2154 603 2183 continuis
632 2155 772 2193 praedita
802 2159 866 2191 0523
904 2154 1011 2185 affinis
1039 2165 1164 2195 quoque
1195 2155 1386 2194 Marginella
1415 2155 1600 2193 helmatina,
1630 2154 1730 2194 Rang,
1761 2165 1839 2196 quae

357 2212 462 2241 minor
485 2217 529 2242 est
555 2218 585 2242 et
607 2213 639 2242 in
662 2213 777 2243 ultimo
801 2213 904 2244 medio
926 2214 1067 2244 anfractu
1097 2214 1204 2245 fasciis
1228 2215 1418 2254 interruptis
1442 2215 1589 2253 insignis.

625 2314 701 2350 147.
744 2313 923 2364 Cypraea
951 2316 1078 2363 tigris,
1106 2316 1148 2351 L.

438 2396 515 2428 Hah.
539 2397 570 2426 in
595 2397 692 2427 litore
715 2398 910 2428 occidentali.

622 2497 701 2535 148.
745 2498 923 2549 Cypraea
950 2497 1050 2546 lynx,
1078 2499 1119 2536 L.

438 2580 516 2610 Hab.
538 2581 570 2610 in
594 2582 690 2612 litore
713 2581 908 2612 occidentali.

105 2781 1438 2867 Wass—ffl
