2174 3016
489 435 586 466 Testa
607 435 710 466 adlata
738 434 864 466 sordide
893 435 1008 473 albida,
1038 433 1266 474 subpellucida,
1297 432 1492 463 anfractibus
1523 431 1699 463 octodecim
1722 433 1888 474 convexis,

408 495 556 535 turgidis,
592 495 666 525 liris
694 494 727 524 in
761 494 903 525 anfractu
937 494 1116 533 penultimo
1152 493 1315 523 duodecim
1352 492 1610 522 distinctioribus
1645 497 1675 522 et
1710 493 1889 524 interiectis

409 554 587 586 minoribus
616 554 866 585 obsoletioribus
896 554 1046 593 plurimis
1069 553 1194 584 cinctis.
1238 552 1338 591 Long.
1362 553 1381 583 4
1403 552 1481 591 poll.
1505 553 1558 582 lat.
1580 551 1661 582 anfr.
1685 552 1743 582 ult.
1771 554 1807 585 10
1830 552 1888 582 lin.

671 653 730 689 26.
780 652 973 690 Ver-metus
1000 650 1175 698 dentifer,
1203 652 1312 698 Quoy
1338 657 1373 686 et
1400 650 1518 688 Gaim.

491 797 570 828 nab.
594 798 628 827 in
650 797 746 827 litore
775 795 974 826 occidentali.

671 890 730 926 27.
778 888 970 925 Vermetus
996 887 1204 932 arenarius,
1239 887 1345 934 Quoy
1373 893 1408 923 et
1435 887 1558 923 Gaim.

2074 696 2077 713 Ι

491 738 625 777 Serpula
647 737 814 774 dentifera,
836 737 924 767 Lam.
2074 715 2078 891 j

493 973 626 1014 Serpula
649 974 802 1012 arenaria,
832 973 884 1013 L.‚
907 972 994 1004 Lam.
2074 895 2078 1025 Ι

492 1033 571 1064 Hab.
593 1033 626 1063 in
649 1032 757 1063 eodem
780 1033 887 1064 litore.

673 1126 733 1163 28.
776 1124 984 1172 Siliquaria
1011 1123 1204 1169 australis,
1238 1123 1344 1170 Quoy
1373 1130 1409 1160 et
1435 1123 1554 1160 Gaim.

493 1209 572 1240 Hah.
597 1209 630 1239 in
651 1209 748 1239 litore
770 1208 968 1239 occidentali.

673 1303 734 1340 29.
775 1301 915 1338 Natica
940 1300 1129 1348 glaucina,
1163 1299 1282 1346 Lam„
1308 1300 1396 1336 excl.
1425 1313 1503 1348 syn.
1531 1301 1640 1337 Linn.

493 1385 572 1416 nab.
595 1385 632 1416 ad
654 1385 732 1415 litus
759 1385 961 1416 occidentale.

672 1477 729 1514 30.
770 1478 912 1514 Ναιὶεα
937 1478 1133 1524 sagittata,
1160 1490 1210 1513 m.

494 1561 535 1594 N.
566 1566 645 1592 testa
672 1562 871 1601 subglobosa,
907 1562 1005 1601 laevi,
1039 1561 1149 1601 nitida,
1184 1561 1295 1600 caesia,
1331 1562 1425 1592 lineis
1461 1562 1747 1601 longitudinalibus
1783 1560 1872 1592 densi

411 1621 574 1660 flexuosis,
605 1621 641 1651 ad
664 1621 753 1651 basin
777 1626 807 1650 et
831 1621 912 1651 infra
934 1626 1074 1651 suturam
1102 1622 1293 1652 macularum
1315 1622 1581 1652 subrotundarum
1604 1622 1697 1662 serie,
1727 1622 1760 1652 in
1783 1621 1887 1652 medio

411 1680 520 1711 ultimi
549 1680 707 1710 anfractus
736 1680 927 1711 macularum
957 1681 1175 1720 sagittatarum
1204 1681 1398 1711 acuminibus
1422 1681 1490 1711 suis
1519 1681 1720 1711 dextrorsum
1743 1686 1887 1721 spectan—

412 1740 491 1770 tium
521 1739 660 1770 rusarum
697 1740 838 1769 seriebus
869 1740 971 1770 tribus
1000 1741 1100 1779 picta3
1135 1741 1222 1780 spira
1245 1740 1354 1776 brevi;
1388 1740 1539 1770 umbilico
1569 1741 1653 1771 callo
1686 1741 1886 1772 culumellari

411 1799 483 1830 albo
506 1798 646 1838 simplici
668 1803 840 1837 angustato,
864 1799 1081 1831 canaliculato.
1126 1799 1227 1839 Long.
1251 1802 1280 1838 4,
1302 1801 1333 1838 8,
1356 1800 1409 1829 lat.
1433 1801 1461 1838 4,
1483 1800 1537 1830 alt.
1560 1802 1591 1839 3,
1612 1802 1632 1832 5
1654 1800 1710 1830 lin.

493 1857 572 1888 Hah.
594 1857 630 1887 ad
653 1858 731 1887 litus
754 1858 954 1888 occidentale.

492 1916 618 1947 Similis
647 1917 758 1947 habitu
787 1922 816 1947 et
848 1922 967 1948 statura
990 1917 1122 1948 Naticae
1145 1917 1366 1956 marochiensi,
1395 1917 1494 1957 Lam.‚
1516 1929 1532 1949 a
1556 1929 1615 1959 qua
1638 1923 1741 1949 tamen
1764 1920 1885 1958 pictura

412 1981 443 2006 et
464 1975 607 2007 umbilici
629 1976 729 2007 forma
752 1976 870 2009 differt.

673 2079 730 2115 31.
769 2079 909 2116 Natica
935 2087 1091 2125 sertata,
1118 2093 1166 2116 m.

492 2162 535 2195 N.
560 2167 637 2193 testa
667 2164 1013 2203 ovato-semiglobosa,
1046 2168 1239 2202 transversa,
1269 2163 1382 2201 solida,
1413 2164 1507 2201 laevi,
1539 2164 1660 2202 albida3
1691 2163 1885 2194 aufractibus

410 2222 547 2261 quinque
583 2222 666 2253 infra
706 2227 846 2253 suturam
889 2223 1165 2262 longitudinaliter
1198 2224 1501 2254 sulcato-crenatis:
1539 2224 1652 2254 ultimo
1690 2224 1884 2254 macularum

410 2291 602 2311 ramosarum
626 2281 784 2311 suscarum
807 2281 926 2322 duplici
949 2282 1028 2312 serie
1052 2287 1182 2321 ornato5
1221 2284 1304 2323 spira
1335 2283 1443 2320 brevi3
1474 2283 1624 2314 umbilico
1647 2287 1682 2314 ut
1704 2283 1737 2313 in
1759 2293 1884 2322 praece-

409 2339 509 2371 dente.
555 2340 655 2380 Long.
679 2343 709 2379 7,
734 2342 786 2371 lat.
808 2343 839 2380 5,
861 2343 892 2380 3,
915 2342 969 2372 alt.
994 2345 1023 2380 4,
1046 2344 1074 2374 3.
1100 2343 1155 2372 lin.

491 2399 570 2430 Hah.
595 2400 627 2429 in
658 2400 753 2429 litore
780 2400 979 2431 occidentali.

495 2457 619 2489 Similis
641 2459 867 2499 quodammodo
890 2460 1020 2490 Naticae
1043 2464 1190 2499 costatae,
1212 2470 1251 2490 m.
1277 2460 1412 2500 Synops.
1437 2459 1482 2491 ed.
1499 2462 1528 2492 2.
1550 2470 1578 2500 p.
1596 2463 1647 2499 47,
1670 2460 1723 2491 sed
1745 2459 1881 2491 diversa.
