<?xml version="1.0" encoding="UTF-8"?>
<!DOCTYPE html PUBLIC "-//W3C//DTD XHTML 1.0 Transitional//EN"
    "http://www.w3.org/TR/xhtml1/DTD/xhtml1-transitional.dtd">
<html xmlns="http://www.w3.org/1999/xhtml" xml:lang="en" lang="en">
 <head>
  <title>
</title>
<meta http-equiv="Content-Type" content="text/html;charset=utf-8" />
  <meta name='ocr-system' content='tesseract 3.04.00' />
  <meta name='ocr-capabilities' content='ocr_page ocr_carea ocr_par ocr_line ocrx_word'/>
</head>
<body>
  <div class='ocr_page' id='page_1' title='image "./molluscorumnovae00menk_0037.png"; bbox 0 0 2174 3016; ppageno 0'>
   <div class='ocr_carea' id='block_1_1' title="bbox 1064 408 1111 444">
    <p class='ocr_par' dir='ltr' id='par_1_1' title="bbox 1064 408 1111 444">
     <span class='ocr_line' id='line_1_1' title="bbox 1064 408 1111 444; baseline 0.021 -1"><span class='ocrx_word' id='word_1_1' title='bbox 1064 408 1111 444; x_wconf 85' lang='lat'>27</span> 
     </span>
    </p>
   </div>
   <div class='ocr_carea' id='block_1_2' title="bbox 1003 460 1166 465">
    <p class='ocr_par' dir='ltr' id='par_1_2' title="bbox 1003 460 1166 465">
     <span class='ocr_line' id='line_1_2' title="bbox 1003 460 1166 465; baseline 0 0"><span class='ocrx_word' id='word_1_2' title='bbox 1003 460 1166 465; x_wconf 95' lang='lat' dir='ltr'> </span> 
     </span>
    </p>
   </div>
   <div class='ocr_carea' id='block_1_3' title="bbox 609 509 1208 560">
    <p class='ocr_par' dir='ltr' id='par_1_3' title="bbox 609 509 1208 560">
     <span class='ocr_line' id='line_1_3' title="bbox 609 509 1208 560; baseline 0.013 -15"><span class='ocrx_word' id='word_1_3' title='bbox 609 509 690 547; x_wconf 88' lang='lat'>130.</span> <span class='ocrx_word' id='word_1_4' title='bbox 733 510 921 548; x_wconf 78' lang='lat' dir='ltr'>Strombus</span> <span class='ocrx_word' id='word_1_5' title='bbox 947 513 1134 560; x_wconf 73' lang='lat' dir='ltr'><strong><em>Zubuanus,</em></strong></span> <span class='ocrx_word' id='word_1_6' title='bbox 1164 517 1208 554; x_wconf 91' lang='lat' dir='ltr'>L.</span> 
     </span>
    </p>
   </div>
   <div class='ocr_carea' id='block_1_4' title="bbox 421 593 900 626">
    <p class='ocr_par' dir='ltr' id='par_1_4' title="bbox 421 593 900 626">
     <span class='ocr_line' id='line_1_4' title="bbox 421 593 900 626; baseline 0.008 -4"><span class='ocrx_word' id='word_1_7' title='bbox 421 593 498 623; x_wconf 81' lang='lat' dir='ltr'><strong>Hah.</strong></span> <span class='ocrx_word' id='word_1_8' title='bbox 525 594 556 623; x_wconf 89' lang='lat' dir='ltr'>in</span> <span class='ocrx_word' id='word_1_9' title='bbox 581 594 677 623; x_wconf 85' lang='lat' dir='ltr'>litore</span> <span class='ocrx_word' id='word_1_10' title='bbox 701 595 900 626; x_wconf 81' lang='lat' dir='ltr'>occidentali.</span> 
     </span>
    </p>
   </div>
   <div class='ocr_carea' id='block_1_5' title="bbox 608 695 1181 744">
    <p class='ocr_par' dir='ltr' id='par_1_5' title="bbox 608 695 1181 744">
     <span class='ocr_line' id='line_1_5' title="bbox 608 695 1181 744; baseline 0.01 -14"><span class='ocrx_word' id='word_1_11' title='bbox 608 695 687 731; x_wconf 82' lang='lat'>131.</span> <span class='ocrx_word' id='word_1_12' title='bbox 729 695 919 733; x_wconf 76' lang='lat' dir='ltr'>Strombus</span> <span class='ocrx_word' id='word_1_13' title='bbox 945 699 1118 744; x_wconf 71' lang='lat' dir='ltr'>vittatus,</span> <span class='ocrx_word' id='word_1_14' title='bbox 1140 701 1181 736; x_wconf 93' lang='lat' dir='ltr'>L.</span> 
     </span>
    </p>
   </div>
   <div class='ocr_carea' id='block_1_6' title="bbox 421 777 899 811">
    <p class='ocr_par' dir='ltr' id='par_1_6' title="bbox 421 777 899 811">
     <span class='ocr_line' id='line_1_6' title="bbox 421 777 899 811; baseline 0.008 -5"><span class='ocrx_word' id='word_1_15' title='bbox 421 777 500 807; x_wconf 84' lang='lat' dir='ltr'><strong>Hah.</strong></span> <span class='ocrx_word' id='word_1_16' title='bbox 525 778 557 807; x_wconf 90' lang='lat' dir='ltr'>in</span> <span class='ocrx_word' id='word_1_17' title='bbox 581 778 678 808; x_wconf 84' lang='lat' dir='ltr'>litore</span> <span class='ocrx_word' id='word_1_18' title='bbox 701 780 899 811; x_wconf 79' lang='lat' dir='ltr'>occidentali.</span> 
     </span>
    </p>
   </div>
   <div class='ocr_carea' id='block_1_7' title="bbox 600 879 1222 928">
    <p class='ocr_par' dir='ltr' id='par_1_7' title="bbox 600 879 1222 928">
     <span class='ocr_line' id='line_1_7' title="bbox 600 879 1222 928; baseline 0.011 -14"><span class='ocrx_word' id='word_1_19' title='bbox 600 879 681 915; x_wconf 80' lang='lat'>132.</span> <span class='ocrx_word' id='word_1_20' title='bbox 722 881 921 916; x_wconf 76' lang='lat' dir='ltr'><em>Pterocera</em></span> <span class='ocrx_word' id='word_1_21' title='bbox 949 882 1086 928; x_wconf 77' lang='lat' dir='ltr'>lambis,</span> <span class='ocrx_word' id='word_1_22' title='bbox 1118 886 1222 921; x_wconf 83' lang='lat' dir='ltr'><strong>Lam.</strong></span> 
     </span>
    </p>
   </div>
   <div class='ocr_carea' id='block_1_8' title="bbox 417 961 892 996">
    <p class='ocr_par' dir='ltr' id='par_1_8' title="bbox 417 961 892 996">
     <span class='ocr_line' id='line_1_8' title="bbox 417 961 892 996; baseline 0.011 -6"><span class='ocrx_word' id='word_1_23' title='bbox 417 961 495 991; x_wconf 80' lang='lat' dir='ltr'>Hah.</span> <span class='ocrx_word' id='word_1_24' title='bbox 519 962 552 991; x_wconf 88' lang='lat' dir='ltr'>in</span> <span class='ocrx_word' id='word_1_25' title='bbox 575 962 670 993; x_wconf 84' lang='lat' dir='ltr'>litore</span> <span class='ocrx_word' id='word_1_26' title='bbox 693 965 892 996; x_wconf 82' lang='lat' dir='ltr'>occidentali.</span> 
     </span>
    </p>
   </div>
   <div class='ocr_carea' id='block_1_9' title="bbox 598 1073 1096 1120">
    <p class='ocr_par' dir='ltr' id='par_1_9' title="bbox 598 1073 1096 1120">
     <span class='ocr_line' id='line_1_9' title="bbox 598 1073 1096 1120; baseline 0.008 -12"><span class='ocrx_word' id='word_1_27' title='bbox 598 1073 678 1109; x_wconf 87' lang='lat'><strong>133.</strong></span> <span class='ocrx_word' id='word_1_28' title='bbox 722 1073 842 1110; x_wconf 75' lang='lat' dir='ltr'><em>Canus</em></span> <span class='ocrx_word' id='word_1_29' title='bbox 870 1074 1012 1120; x_wconf 77' lang='lat' dir='ltr'>rutilus,</span> <span class='ocrx_word' id='word_1_30' title='bbox 1048 1090 1096 1113; x_wconf 88' lang='lat' dir='ltr'>m.</span> 
     </span>
    </p>
   </div>
   <div class='ocr_carea' id='block_1_10' title="bbox 328 1154 1812 1317">
    <p class='ocr_par' dir='ltr' id='par_1_10' title="bbox 328 1154 1812 1317">
     <span class='ocr_line' id='line_1_10' title="bbox 414 1154 1812 1207; baseline 0.014 -24"><span class='ocrx_word' id='word_1_31' title='bbox 414 1154 447 1183; x_wconf 91' lang='lat' dir='ltr'>C.</span> <span class='ocrx_word' id='word_1_32' title='bbox 470 1159 548 1185; x_wconf 75' lang='lat' dir='ltr'>testa</span> <span class='ocrx_word' id='word_1_33' title='bbox 581 1157 937 1197; x_wconf 70' lang='lat' dir='ltr'>tiirbinato-ohconica,</span> <span class='ocrx_word' id='word_1_34' title='bbox 975 1160 1078 1190; x_wconf 77' lang='lat' dir='ltr'>medio</span> <span class='ocrx_word' id='word_1_35' title='bbox 1115 1163 1294 1203; x_wconf 71' lang='lat' dir='ltr'>subinflaia,</span> <span class='ocrx_word' id='word_1_36' title='bbox 1329 1167 1426 1201; x_wconf 77' lang='lat' dir='ltr'>tenui,</span> <span class='ocrx_word' id='word_1_37' title='bbox 1466 1169 1571 1207; x_wconf 80' lang='lat' dir='ltr'>rutila,</span> <span class='ocrx_word' id='word_1_38' title='bbox 1607 1170 1678 1200; x_wconf 79' lang='lat' dir='ltr'>liris</span> <span class='ocrx_word' id='word_1_39' title='bbox 1708 1172 1812 1201; x_wconf 83' lang='lat' dir='ltr'><strong>trihus</strong></span> 
     </span>
     <span class='ocr_line' id='line_1_11' title="bbox 331 1211 1810 1269; baseline 0.014 -28"><span class='ocrx_word' id='word_1_40' title='bbox 331 1211 522 1243; x_wconf 77' lang='lat' dir='ltr'>distantibus</span> <span class='ocrx_word' id='word_1_41' title='bbox 546 1215 700 1245; x_wconf 76' lang='lat' dir='ltr'>obsoletis</span> <span class='ocrx_word' id='word_1_42' title='bbox 723 1218 873 1256; x_wconf 75' lang='lat' dir='ltr'>striisque</span> <span class='ocrx_word' id='word_1_43' title='bbox 896 1219 1090 1248; x_wconf 77' lang='lat' dir='ltr'>tenuissimis</span> <span class='ocrx_word' id='word_1_44' title='bbox 1110 1221 1259 1252; x_wconf 70' lang='lat' dir='ltr'>confertis</span> <span class='ocrx_word' id='word_1_45' title='bbox 1283 1224 1402 1263; x_wconf 77' lang='lat' dir='ltr'>cincta;</span> <span class='ocrx_word' id='word_1_46' title='bbox 1427 1228 1513 1266; x_wconf 80' lang='lat' dir='ltr'>spira</span> <span class='ocrx_word' id='word_1_47' title='bbox 1537 1228 1696 1269; x_wconf 84' lang='lat' dir='ltr'>depressa,</span> <span class='ocrx_word' id='word_1_48' title='bbox 1720 1241 1810 1261; x_wconf 88' lang='lat' dir='ltr'>coro—</span> 
     </span>
     <span class='ocr_line' id='line_1_12' title="bbox 328 1273 1309 1317; baseline 0.01 -17"><span class='ocrx_word' id='word_1_49' title='bbox 328 1276 411 1310; x_wconf 81' lang='lat' dir='ltr'><strong>nata,</strong></span> <span class='ocrx_word' id='word_1_50' title='bbox 435 1273 655 1311; x_wconf 75' lang='lat' dir='ltr'>conaliculata‚</span> <span class='ocrx_word' id='word_1_51' title='bbox 680 1276 911 1306; x_wconf 72' lang='lat' dir='ltr'>ruso-radiata.</span> <span class='ocrx_word' id='word_1_52' title='bbox 957 1277 1057 1316; x_wconf 80' lang='lat' dir='ltr'><strong>Long.</strong></span> <span class='ocrx_word' id='word_1_53' title='bbox 1083 1282 1111 1317; x_wconf 79' lang='grc'>6,</span> <span class='ocrx_word' id='word_1_54' title='bbox 1136 1281 1188 1310; x_wconf 81' lang='lat' dir='ltr'><strong>lat.</strong></span> <span class='ocrx_word' id='word_1_55' title='bbox 1211 1284 1229 1312; x_wconf 85' lang='grc'>4</span> <span class='ocrx_word' id='word_1_56' title='bbox 1252 1283 1309 1311; x_wconf 87' lang='lat' dir='ltr'>lin.</span> 
     </span>
    </p>
   </div>
   <div class='ocr_carea' id='block_1_11' title="bbox 409 1330 1163 1373">
    <p class='ocr_par' dir='ltr' id='par_1_11' title="bbox 409 1330 1163 1373">
     <span class='ocr_line' id='line_1_13' title="bbox 409 1330 1163 1373; baseline 0.009 -13"><span class='ocrx_word' id='word_1_57' title='bbox 409 1330 488 1362; x_wconf 75' lang='lat' dir='ltr'><strong>Hah.</strong></span> <span class='ocrx_word' id='word_1_58' title='bbox 513 1333 545 1361; x_wconf 88' lang='lat' dir='ltr'>in</span> <span class='ocrx_word' id='word_1_59' title='bbox 569 1334 664 1362; x_wconf 80' lang='lat' dir='ltr'>litore</span> <span class='ocrx_word' id='word_1_60' title='bbox 688 1336 1163 1373; x_wconf 72' lang='lat' dir='ltr'>septentrionali-occidentali.</span> 
     </span>
    </p>
   </div>
   <div class='ocr_carea' id='block_1_12' title="bbox 409 1389 1662 1443">
    <p class='ocr_par' dir='ltr' id='par_1_12' title="bbox 409 1389 1662 1443">
     <span class='ocr_line' id='line_1_14' title="bbox 409 1389 1662 1443; baseline 0.013 -24"><span class='ocrx_word' id='word_1_61' title='bbox 409 1389 573 1429; x_wconf 72' lang='lat' dir='ltr'>Specimen</span> <span class='ocrx_word' id='word_1_62' title='bbox 597 1392 777 1422; x_wconf 73' lang='lat' dir='ltr'>adolescens</span> <span class='ocrx_word' id='word_1_63' title='bbox 801 1398 831 1422; x_wconf 82' lang='lat' dir='ltr'>et</span> <span class='ocrx_word' id='word_1_64' title='bbox 854 1394 935 1424; x_wconf 73' lang='lat' dir='ltr'>sorte</span> <span class='ocrx_word' id='word_1_65' title='bbox 959 1397 1087 1426; x_wconf 82' lang='lat' dir='ltr'>nonnisi</span> <span class='ocrx_word' id='word_1_66' title='bbox 1109 1403 1200 1428; x_wconf 80' lang='lat' dir='ltr'>notae</span> <span class='ocrx_word' id='word_1_67' title='bbox 1223 1400 1384 1431; x_wconf 82' lang='lat' dir='ltr'>cuiusdam</span> <span class='ocrx_word' id='word_1_68' title='bbox 1408 1403 1524 1441; x_wconf 83' lang='lat' dir='ltr'>speciei</span> <span class='ocrx_word' id='word_1_69' title='bbox 1548 1406 1662 1443; x_wconf 83' lang='lat' dir='ltr'>proles.</span> 
     </span>
    </p>
   </div>
   <div class='ocr_carea' id='block_1_13' title="bbox 588 1492 1160 1542">
    <p class='ocr_par' dir='ltr' id='par_1_13' title="bbox 588 1492 1160 1542">
     <span class='ocr_line' id='line_1_15' title="bbox 588 1492 1160 1542; baseline 0.01 -15"><span class='ocrx_word' id='word_1_70' title='bbox 588 1492 668 1529; x_wconf 77' lang='lat'>134.</span> <span class='ocrx_word' id='word_1_71' title='bbox 712 1493 833 1529; x_wconf 65' lang='lat' dir='ltr'>Comus</span> <span class='ocrx_word' id='word_1_72' title='bbox 858 1497 1084 1542; x_wconf 76' lang='lat' dir='ltr'>capitaneus,</span> <span class='ocrx_word' id='word_1_73' title='bbox 1118 1497 1160 1534; x_wconf 90' lang='lat' dir='ltr'>L.</span> 
     </span>
    </p>
   </div>
   <div class='ocr_carea' id='block_1_14' title="bbox 404 1574 799 1609">
    <p class='ocr_par' dir='ltr' id='par_1_14' title="bbox 404 1574 799 1609">
     <span class='ocr_line' id='line_1_16' title="bbox 404 1574 799 1609; baseline 0.013 -6"><span class='ocrx_word' id='word_1_74' title='bbox 404 1574 482 1604; x_wconf 78' lang='lat' dir='ltr'>Hah.</span> <span class='ocrx_word' id='word_1_75' title='bbox 505 1576 537 1605; x_wconf 86' lang='lat' dir='ltr'>in</span> <span class='ocrx_word' id='word_1_76' title='bbox 562 1576 668 1606; x_wconf 75' lang='lat' dir='ltr'>eodem</span> <span class='ocrx_word' id='word_1_77' title='bbox 693 1578 799 1609; x_wconf 81' lang='lat' dir='ltr'>litore.</span> 
     </span>
    </p>
   </div>
   <div class='ocr_carea' id='block_1_15' title="bbox 585 1677 1114 1726">
    <p class='ocr_par' dir='ltr' id='par_1_15' title="bbox 585 1677 1114 1726">
     <span class='ocr_line' id='line_1_17' title="bbox 585 1677 1114 1726; baseline 0.011 -14"><span class='ocrx_word' id='word_1_78' title='bbox 585 1677 666 1714; x_wconf 88' lang='lat'>135.</span> <span class='ocrx_word' id='word_1_79' title='bbox 709 1677 830 1715; x_wconf 76' lang='lat' dir='ltr'>conus</span> <span class='ocrx_word' id='word_1_80' title='bbox 856 1681 1032 1726; x_wconf 77' lang='lat' dir='ltr'><em>cinereus,</em></span> <span class='ocrx_word' id='word_1_81' title='bbox 1062 1683 1114 1718; x_wconf 65' lang='grc' dir='ltr'>ΒΓ.</span> 
     </span>
    </p>
   </div>
   <div class='ocr_carea' id='block_1_16' title="bbox 404 1758 798 1792">
    <p class='ocr_par' dir='ltr' id='par_1_16' title="bbox 404 1758 798 1792">
     <span class='ocr_line' id='line_1_18' title="bbox 404 1758 798 1792; baseline 0.01 -4"><span class='ocrx_word' id='word_1_82' title='bbox 404 1758 482 1789; x_wconf 76' lang='lat' dir='ltr'>Hah.</span> <span class='ocrx_word' id='word_1_83' title='bbox 506 1761 538 1790; x_wconf 90' lang='lat' dir='ltr'>in</span> <span class='ocrx_word' id='word_1_84' title='bbox 562 1762 669 1791; x_wconf 79' lang='lat' dir='ltr'>eodem</span> <span class='ocrx_word' id='word_1_85' title='bbox 693 1762 798 1792; x_wconf 74' lang='lat' dir='ltr'>litore.</span> 
     </span>
    </p>
   </div>
   <div class='ocr_carea' id='block_1_17' title="bbox 583 1853 1102 1901">
    <p class='ocr_par' dir='ltr' id='par_1_17' title="bbox 583 1853 1102 1901">
     <span class='ocr_line' id='line_1_19' title="bbox 583 1853 1102 1901; baseline 0.013 -13"><span class='ocrx_word' id='word_1_86' title='bbox 583 1853 664 1890; x_wconf 85' lang='lat'>136.</span> <span class='ocrx_word' id='word_1_87' title='bbox 707 1853 830 1891; x_wconf 72' lang='lat' dir='ltr'><em>Canus</em></span> <span class='ocrx_word' id='word_1_88' title='bbox 856 1858 1023 1901; x_wconf 64' lang='lat' dir='ltr'>striatas,</span> <span class='ocrx_word' id='word_1_89' title='bbox 1061 1860 1102 1896; x_wconf 90' lang='lat' dir='ltr'>L.</span> 
     </span>
    </p>
   </div>
   <div class='ocr_carea' id='block_1_18' title="bbox 401 1935 796 1969">
    <p class='ocr_par' dir='ltr' id='par_1_18' title="bbox 401 1935 796 1969">
     <span class='ocr_line' id='line_1_20' title="bbox 401 1935 796 1969; baseline 0.01 -4"><span class='ocrx_word' id='word_1_90' title='bbox 401 1935 480 1965; x_wconf 84' lang='lat' dir='ltr'>Hah.</span> <span class='ocrx_word' id='word_1_91' title='bbox 503 1936 536 1965; x_wconf 87' lang='lat' dir='ltr'>in</span> <span class='ocrx_word' id='word_1_92' title='bbox 559 1937 665 1966; x_wconf 80' lang='lat' dir='ltr'>eodem</span> <span class='ocrx_word' id='word_1_93' title='bbox 690 1938 796 1969; x_wconf 81' lang='lat' dir='ltr'>litore.</span> 
     </span>
    </p>
   </div>
   <div class='ocr_carea' id='block_1_19' title="bbox 131 1422 141 2029">
    <p class='ocr_par' dir='ltr' id='par_1_19' title="bbox 131 1422 141 2029">
     <span class='ocr_line' id='line_1_21' title="bbox 131 1422 141 2029; baseline 0 0"><span class='ocrx_word' id='word_1_94' title='bbox 131 1422 141 2029; x_wconf 95' lang='lat' dir='ltr'> </span> 
     </span>
    </p>
   </div>
   <div class='ocr_carea' id='block_1_20' title="bbox 580 2029 1191 2077">
    <p class='ocr_par' dir='ltr' id='par_1_20' title="bbox 580 2029 1191 2077">
     <span class='ocr_line' id='line_1_22' title="bbox 580 2029 1191 2077; baseline 0.01 -12"><span class='ocrx_word' id='word_1_95' title='bbox 580 2029 660 2066; x_wconf 87' lang='lat'><strong>137.</strong></span> <span class='ocrx_word' id='word_1_96' title='bbox 703 2030 825 2067; x_wconf 71' lang='lat' dir='ltr'>Comes</span> <span class='ocrx_word' id='word_1_97' title='bbox 851 2033 1064 2077; x_wconf 75' lang='lat' dir='ltr'>maculosus,</span> <span class='ocrx_word' id='word_1_98' title='bbox 1093 2033 1191 2071; x_wconf 88' lang='lat' dir='ltr'>Sow.</span> 
     </span>
    </p>
   </div>
   <div class='ocr_carea' id='block_1_21' title="bbox 395 2110 1108 2205">
    <p class='ocr_par' dir='ltr' id='par_1_21' title="bbox 395 2110 1108 2205">
     <span class='ocr_line' id='line_1_23' title="bbox 398 2110 1108 2157; baseline 0.01 -17"><span class='ocrx_word' id='word_1_99' title='bbox 398 2110 555 2151; x_wconf 89' lang='lat' dir='ltr'><strong>Sowerhy</strong></span> <span class='ocrx_word' id='word_1_100' title='bbox 578 2113 695 2144; x_wconf 90' lang='lat' dir='ltr'><strong>Conch.</strong></span> <span class='ocrx_word' id='word_1_101' title='bbox 719 2115 842 2145; x_wconf 75' lang='lat' dir='ltr'><strong>Illustr.</strong></span> <span class='ocrx_word' id='word_1_102' title='bbox 867 2117 981 2147; x_wconf 85' lang='lat' dir='ltr'><strong>Conus.</strong></span> <span class='ocrx_word' id='word_1_103' title='bbox 1006 2118 1057 2157; x_wconf 81' lang='lat' dir='ltr'>fig.</span> <span class='ocrx_word' id='word_1_104' title='bbox 1079 2121 1108 2151; x_wconf 88' lang='lat'>3.</span> 
     </span>
     <span class='ocr_line' id='line_1_24' title="bbox 395 2169 791 2205; baseline 0.015 -7"><span class='ocrx_word' id='word_1_105' title='bbox 395 2169 475 2200; x_wconf 81' lang='lat' dir='ltr'>Hah.</span> <span class='ocrx_word' id='word_1_106' title='bbox 501 2171 533 2200; x_wconf 87' lang='lat' dir='ltr'>in</span> <span class='ocrx_word' id='word_1_107' title='bbox 556 2172 663 2202; x_wconf 77' lang='lat' dir='ltr'>eodem</span> <span class='ocrx_word' id='word_1_108' title='bbox 688 2174 791 2205; x_wconf 83' lang='lat' dir='ltr'>litore.</span> 
     </span>
    </p>
   </div>
   <div class='ocr_carea' id='block_1_22' title="bbox 578 2263 1058 2312">
    <p class='ocr_par' dir='ltr' id='par_1_22' title="bbox 578 2263 1058 2312">
     <span class='ocr_line' id='line_1_25' title="bbox 578 2263 1058 2312; baseline 0.013 -14"><span class='ocrx_word' id='word_1_109' title='bbox 578 2263 659 2300; x_wconf 76' lang='lat'>138.</span> <span class='ocrx_word' id='word_1_110' title='bbox 701 2264 823 2302; x_wconf 67' lang='lat' dir='ltr'>Comes</span> <span class='ocrx_word' id='word_1_111' title='bbox 849 2267 989 2312; x_wconf 74' lang='lat' dir='ltr'>textile,</span> <span class='ocrx_word' id='word_1_112' title='bbox 1017 2270 1058 2304; x_wconf 90' lang='lat' dir='ltr'>L.</span> 
     </span>
    </p>
   </div>
   <div class='ocr_carea' id='block_1_23' title="bbox 394 2344 790 2378">
    <p class='ocr_par' dir='ltr' id='par_1_23' title="bbox 394 2344 790 2378">
     <span class='ocr_line' id='line_1_26' title="bbox 394 2344 790 2378; baseline 0.01 -4"><span class='ocrx_word' id='word_1_113' title='bbox 394 2344 473 2376; x_wconf 81' lang='lat' dir='ltr'>Hah.</span> <span class='ocrx_word' id='word_1_114' title='bbox 497 2345 530 2375; x_wconf 90' lang='lat' dir='ltr'>in</span> <span class='ocrx_word' id='word_1_115' title='bbox 555 2347 659 2377; x_wconf 86' lang='lat' dir='ltr'>eodem</span> <span class='ocrx_word' id='word_1_116' title='bbox 685 2348 790 2378; x_wconf 88' lang='lat' dir='ltr'>litore.</span> 
     </span>
    </p>
   </div>
   <div class='ocr_carea' id='block_1_24' title="bbox 577 2439 1251 2489">
    <p class='ocr_par' dir='ltr' id='par_1_24' title="bbox 577 2439 1251 2489">
     <span class='ocr_line' id='line_1_27' title="bbox 577 2439 1251 2489; baseline 0.012 -15"><span class='ocrx_word' id='word_1_117' title='bbox 577 2439 656 2476; x_wconf 87' lang='grc'><strong>139.</strong></span> <span class='ocrx_word' id='word_1_118' title='bbox 701 2440 813 2476; x_wconf 82' lang='lat' dir='ltr'><em>Oliva</em></span> <span class='ocrx_word' id='word_1_119' title='bbox 840 2442 1121 2489; x_wconf 73' lang='lat' dir='ltr'>erythrostomo,</span> <span class='ocrx_word' id='word_1_120' title='bbox 1149 2446 1251 2484; x_wconf 81' lang='lat' dir='ltr'><strong>Lam.</strong></span> 
     </span>
    </p>
   </div>
   <div class='ocr_carea' id='block_1_25' title="bbox 1979 702 2010 2516">
    <p class='ocr_par' dir='ltr' id='par_1_25' title="bbox 1979 702 2010 2516">
     <span class='ocr_line' id='line_1_28' title="bbox 1979 702 2010 2516; baseline 0 0"><span class='ocrx_word' id='word_1_121' title='bbox 1979 702 2010 2516; x_wconf 95' lang='lat' dir='ltr'> </span> 
     </span>
    </p>
   </div>
   <div class='ocr_carea' id='block_1_26' title="bbox 392 2520 1133 2563">
    <p class='ocr_par' dir='ltr' id='par_1_26' title="bbox 392 2520 1133 2563">
     <span class='ocr_line' id='line_1_29' title="bbox 392 2520 1133 2563; baseline 0.011 -13"><span class='ocrx_word' id='word_1_122' title='bbox 392 2520 469 2552; x_wconf 84' lang='lat' dir='ltr'>Hah.</span> <span class='ocrx_word' id='word_1_123' title='bbox 493 2522 526 2551; x_wconf 90' lang='lat' dir='ltr'>in</span> <span class='ocrx_word' id='word_1_124' title='bbox 549 2523 644 2553; x_wconf 84' lang='lat' dir='ltr'>litore</span> <span class='ocrx_word' id='word_1_125' title='bbox 667 2525 1133 2563; x_wconf 78' lang='lat' dir='ltr'>septentrionali-occidentali.</span> 
     </span>
    </p>
   </div>
   <div class='ocr_carea' id='block_1_27' title="bbox 55 2723 2038 2837">
    <p class='ocr_par' dir='ltr' id='par_1_27' title="bbox 55 2723 2038 2837">
     <span class='ocr_line' id='line_1_30' title="bbox 55 2723 2038 2837; baseline 0.016 -31"><span class='ocrx_word' id='word_1_126' title='bbox 55 2723 2038 2837; x_wconf 32' lang='grc' dir='ltr'>ΨἫἏὟ</span> 
     </span>
    </p>
   </div>
  </div>
 </body>
</html>
