2174 3016
1090 332 1136 367 40

630 441 714 478 229.
758 440 938 479 Cardiam
963 439 1200 487 foveolatum,
1232 439 1332 476 Sow.

449 526 606 566 Sowerby
630 526 662 556 in
687 525 836 556 Proceed.
860 525 895 555 of
916 525 968 555 the
990 525 1070 556 zool.
1095 524 1166 555 Soc.
1194 525 1282 557 1840.
1306 535 1336 565 p.
1361 526 1430 556 ln.

512 599 526 615 »
623 585 741 615 Conch.
766 584 891 614 Illustr.
917 584 1077 622 Cardium,
1106 583 1160 622 fig.
1183 585 1234 616 65.

448 644 527 676 Hah.
553 645 585 674 in
610 644 718 675 eodem
742 645 848 674 litore.

628 754 712 791 230.
755 753 937 791 Cordium
963 751 1191 800 angulatum,
1223 752 1328 788 Lam.

450 838 529 870 nab.
554 839 586 868 in
611 838 718 868 eodem
741 838 848 868 litore.

447 898 484 928 In
507 902 618 928 nostro
641 898 813 936 specimine
833 898 873 930 23
896 900 1000 927 costae
1023 901 1240 926 numerantur.

627 1008 710 1044 231.
753 1006 933 1045 Cordium
958 1006 1087 1051 unedo,
1114 1007 1156 1043 L.

447 1092 525 1123 Hab.
550 1093 582 1122 in
606 1092 713 1123 eodem
737 1093 843 1123 litore.

628 1203 710 1239 232.
752 1201 928 1238 Pisidiam
953 1214 1083 1246 semen,
1108 1214 1158 1237 m.

447 1287 482 1318 P.
506 1291 585 1318 testa
610 1286 736 1326 oblique
763 1291 869 1325 ovata,
901 1287 1093 1324 ventricosa,
1125 1285 1317 1316 umbonibus
1347 1282 1495 1323 turgidis,
1527 1283 1721 1323 epidermide
1752 1284 1854 1315 ssavo-

365 1356 490 1384 cornea,
514 1347 546 1376 in
573 1347 715 1385 margine
744 1346 911 1385 pallidiore
940 1346 1060 1383 induta,
1092 1345 1301 1375 subtilissime
1328 1328 1540 1374 transversim
1563 1345 1687 1384 striata,
1716 1343 1852 1375 decorti-

366 1410 430 1437 cata
453 1406 524 1436 alba
545 1408 600 1436 vel
625 1407 762 1437 lilacina.
807 1406 909 1444 Long.
933 1408 960 1444 l,
983 1407 1013 1443 3,
1037 1405 1091 1435 alt.
1115 1408 1144 1444 l,
1166 1415 1262 1435 crass.
1285 1407 1316 1442 0,
1338 1407 1357 1437 7
1380 1404 1437 1434 lin.

447 1465 526 1496 Hah.
549 1466 581 1496 in
605 1466 676 1505 ripa
700 1465 844 1495 sabulosa
868 1465 961 1494 fluvii
985 1474 1172 1504 cygnorum,
1197 1474 1267 1494 cum
1289 1462 1446 1494 Paludina
1469 1473 1580 1502 grano,
1604 1464 1645 1494 ai.

629 1574 712 1612 233.
754 1574 891 1612 Donax
918 1574 1081 1622 ringens,
1106 1574 1210 1611 Lam.

448 1658 528 1691 Hah.
553 1659 586 1689 in
608 1659 705 1689 litore
727 1659 926 1689 occidentali.

628 1768 711 1805 234.
752 1768 890 1806 Donaoe
917 1767 1130 1813 ἰὶηεοῐαεαε,
1155 1767 1305 1805 Valenc.

448 1853 662 1893 Eucyclope'd.
686 1852 782 1883 mc'eth.
803 1854 846 1892 pl.
868 1855 938 1885 262.
960 1854 1012 1893 fig.
1035 1855 1064 1886 8.

449 1913 528 1943 Ilab.
554 1913 586 1942 in
610 1913 706 1942 litore
728 1912 929 1942 occidentali.

449 1972 568 2002 Affinis
598 1972 740 2011 proxime
770 1971 892 2001 Donaci
924 1971 1142 2010 columellae,
1178 1970 1286 2008 Lam.;
1325 1974 1426 2001 tamen
1464 1973 1571 2000 noster
1608 1970 1708 2000 maior
1745 1973 1792 2000 est
1821 1973 1853 1999 et

368 2032 491 2072 postice
514 2032 606 2062 striis
629 2031 838 2061 verticalibus
862 2031 1060 2061 tenuissimis
1083 2031 1277 2061 decussatus.

631 2140 715 2177 235.
756 2139 892 2176 Donaae
919 2139 1114 2185 sulcarim-s,
1148 2153 1198 2175 m.

451 2230 491 2261 D.
528 2234 606 2260 testa
644 2230 973 2270 subtrigono-ovata‚
1013 2229 1307 2271 compressiuscuh,
1353 2228 1562 2260 transversim
1598 2229 1720 2267 striata,
1762 2229 1853 2259 striis

370 2290 568 2320 tenuissimis
591 2289 764 2327 decussata,
793 2289 895 2328 fulva,
927 2290 1094 2320 obscurius
1117 2294 1226 2320 zonata
1251 2289 1406 2329 lineisque
1428 2288 1619 2328 interruptis
1640 2288 1853 2319 verticalibus

370 2350 464 2389 picta,
487 2349 607 2389 postice
631 2349 741 2378 obtuse
763 2350 908 2388 angulata
930 2351 1202 2389 transversimque
1224 2349 1361 2387 sulcata3
1395 2349 1538 2388 margine
1561 2348 1688 2378 interno
1716 2348 1853 2387 integer-

370 2408 462 2439 rimo.
507 2407 609 2447 Long.
636 2409 686 2446 10,
707 2409 738 2445 3,
762 2408 815 2437 alt.
837 2410 868 2447 5,
891 2419 987 2440 crass.
1010 2411 1042 2448 3,
1071 2411 1092 2441 6
1114 2409 1171 2439 lin.

451 2466 530 2498 ssah.
555 2477 622 2497 cum
650 2467 864 2506 praecedente.
