2174 3016
1088 349 1110 385 6

620 458 652 494 7.
682 455 801 493 Bulla
827 457 1107 505 (Scaphander)
1134 457 1299 502 ovoidea,
1333 458 1442 505 Quoy
1469 463 1504 493 et
1530 457 1650 494 Gaim.

439 540 518 570 llab.
541 550 610 571 cnm
633 541 896 571 antecedentibus.

438 599 534 629 Testa
562 599 809 638 albido-lactea,
840 611 922 630 nunc
949 605 1015 631 tota
1044 600 1214 640 pellucida,
1244 610 1327 630 nunc
1356 600 1486 630 maculis
1509 599 1715 630 subrotundis
1739 603 1840 630 trans-

357 658 476 688 versim
493 659 619 688 seriatis
635 660 753 698 opacis,
772 670 788 689 a
805 660 916 690 mollis
932 659 1067 689 emortui
1087 659 1184 699 pallio
1202 659 1336 689 residuis
1351 664 1481 698 guttata,
1501 660 1640 689 anterius
1656 659 1839 689 distinctius

356 719 565 748 transversim
589 718 711 756 striata,
746 718 901 749 iuvenilis
925 723 955 748 et
978 718 1158 748 adolescens
1182 718 1396 758 impersorata,
1427 718 1459 747 in
1486 717 1604 748 adultis
1628 718 1708 748 labri
1732 727 1840 757 margo

356 777 516 816 posterius
544 777 734 815 reflectitur,
776 787 837 816 quo
873 782 948 808 tunc
976 777 1013 807 ad
1043 778 1160 817 spiram
1190 778 1370 808 involutam
1400 781 1430 807 et
1457 777 1649 807 reconditam
1679 776 1838 816 perforata

355 840 492 874 apparet.

617 919 650 956 8.
681 918 860 955 Succinea
886 919 1088 970 amphibia,
1114 920 1179 954 Dr.

437 996 516 1028 llab.
540 996 596 1026 suh
619 998 737 1027 cortice
760 998 1019 1038 Eucalyptorum‚
1048 998 1079 1028 in
1103 997 1252 1028 districtu
1275 997 1356 1038 Hay.

616 1098 649 1133 9.
678 1097 856 1135 Succinea
884 1098 1057 1146 oblonga,
1082 1100 1145 1135 Dr.

435 1174 511 1206 Hah.
543 1175 574 1205 in
605 1176 728 1206 fissuris
759 1178 885 1216 rupium
907 1178 1135 1218 calcarearum,
1165 1187 1227 1208 non
1251 1178 1404 1217 procula
1426 1178 1522 1216 mari,
1554 1178 1641 1208 iuxta
1666 1177 1775 1208 Perth.
1803 1177 1833 1208 d.

351 1234 382 1265 4.
405 1233 461 1264 iul.
487 1235 576 1266 1840.

617 1331 672 1366 10.
701 1330 816 1367 Helix
843 1331 1068 1377 (Helicella)
1093 1331 1286 1378 australis,
1313 1346 1362 1368 m.

433 1413 473 1442 11.
497 1417 575 1443 testa
599 1414 955 1456 orbiculato-convexa,
976 1417 1095 1455 glabra,
1119 1417 1261 1447 obsolete
1280 1417 1401 1454 striata,
1425 1415 1540 1455 albida,
1559 1415 1693 1446 maculis
1709 1415 1834 1446 radian-

352 1472 436 1502 tibus
460 1472 628 1512 fasciisque
651 1474 840 1513 interruptis
864 1475 1019 1506 obsoletis
1047 1476 1182 1506 cinereis
1210 1477 1313 1516 picta3
1343 1475 1537 1506 anfractibus
1560 1475 1698 1515 quinque
1721 1475 1832 1514 rapido

351 1535 515 1570 augmento
538 1533 766 1570 crescentibus;
798 1534 952 1564 umbilico
981 1539 1125 1574 angusto,
1153 1539 1280 1575 aperto3
1312 1539 1477 1574 aperturae
1503 1535 1626 1575 patulae
1654 1534 1743 1565 fauce
1770 1534 1834 1564 fer-

351 1590 489 1629 ruginea.
533 1590 604 1621 Lat.
627 1594 646 1623 4
669 1592 738 1630 lin.,
767 1593 821 1623 alt.
845 1595 875 1632 2,
897 1595 916 1626 3
941 1594 997 1624 lin.

432 1650 510 1680 llab.
541 1649 578 1679 ad
609 1659 681 1680 saxa
711 1651 846 1681 calcarea
876 1651 908 1681 in
944 1658 1050 1684 monte
1076 1652 1200 1693 Elizae,
1236 1653 1324 1683 iuxta
1358 1652 1492 1683 fluvium
1522 1662 1715 1693 cygnorum,
1750 1662 1831 1683 anno

351 1709 430 1741 1840
459 1708 550 1739 lecta.

432 1766 551 1797 Affinis
584 1768 727 1806 proxime
755 1768 860 1799 Ilelici
897 1771 1066 1811 iri-cratae,
1100 1771 1188 1810 zg1.‚
1225 1771 1441 1810 promontorii
1470 1770 1567 1800 bonae
1597 1771 1664 1810 spei
1694 1771 1828 1809 incolae,

350 1826 473 1857 minore
496 1831 597 1856 tamen
621 1831 651 1856 et
673 1829 875 1858 eonvexiore.

613 1922 671 1959 ll.
699 1922 871 1959 Bulimus
898 1923 1054 1969 indueus,
1088 1938 1136 1961 m.

431 1999 466 2030 B.
483 2004 561 2030 testa
582 2002 852 2041 ovato-oblonga,
876 2003 1044 2042 perforata,
1068 2003 1289 2041 solidiuscula,
1312 2003 1369 2033 sub
1393 2002 1584 2043 epidermide
1604 2003 1692 2033 fulva
1712 2003 1828 2042 albida,

350 2059 629 2098 longitudinaliter
650 2061 773 2099 striata,
803 2061 995 2092 anfractibus
1017 2072 1088 2092 sex:
1122 2063 1236 2092 ultimo
1265 2072 1408 2092 convexo
1433 2063 1516 2101 spira
1540 2063 1649 2092 obtusa
1672 2062 1828 2102 longiore,

350 2118 570 2157 superioribus
606 2119 882 2157 convexiusculis3
918 2121 1008 2151 labro
1035 2125 1144 2160 acuto,
1179 2121 1374 2161 marginibus
1403 2121 1487 2151 callo
1516 2121 1660 2151 obsoleto
1694 2122 1827 2160 iunctis;

350 2177 519 2207 columella
547 2181 649 2215 recta5
681 2182 847 2217 aperturae
876 2180 1164 2220 elliptico-ovatae
1193 2179 1279 2210 fauce
1306 2180 1422 2210 albida.
1472 2179 1573 2219 Long.
1600 2183 1646 2219 16,
1676 2182 1698 2213 5
1717 2181 1754 2211 ad
1779 2183 1828 2221 18,

351 2237 405 2267 lat.
427 2237 448 2268 8
470 2237 526 2265 lin.

431 2295 510 2325 Hab.
531 2294 569 2325 ad
591 2295 699 2334 iugum
721 2296 877 2326 montium
900 2297 1150 2337 Darlingsrange
1172 2301 1203 2328 et
1223 2296 1261 2327 ad
1283 2301 1419 2328 montem
1443 2297 1561 2337 Elizae,
1586 2298 1670 2328 iuxla
1693 2299 1827 2330 fluvium

350 2363 533 2394 cygnorum.

432 2413 589 2443 Minorem
617 2416 730 2442 testam
760 2413 852 2444 molli
879 2424 938 2444 suo
965 2415 1045 2444 vivo
1070 2415 1221 2445 aterrimo
1250 2414 1361 2453 fetam,
1390 2415 1540 2445 maiorem
1563 2420 1736 2447 emortuam
1759 2418 1825 2457 epi-

351 2472 531 2512 phragmate
553 2473 692 2503 calcareo
715 2472 936 2512 subpellueido
959 2474 1108 2505 immerso
1131 2475 1282 2514 clausam,
1307 2484 1348 2505 m.
1373 2474 1429 2504 iul.
1452 2475 1530 2507 1841
1553 2475 1642 2514 legit.
